<?xml version="1.0" encoding="UTF-8"?><collection xmlns="http://www.loc.gov/MARC21/slim"><record><leader>00635nam--2200193-i-4500</leader><controlfield tag="001">000008734</controlfield><controlfield tag="002">20161230</controlfield><controlfield tag="005">20161230201027</controlfield><controlfield tag="008">060222s1000------------r-----000-0-fre-d</controlfield><datafield ind1=" " ind2=" " tag="040"><subfield code="a">IFIN-HH</subfield></datafield><datafield ind1=" " ind2=" " tag="041"><subfield code="a">fre</subfield></datafield><datafield ind1=" " ind2=" " tag="080"><subfield code="a">537</subfield></datafield><datafield ind1="1" ind2=" " tag="100"><subfield code="a">Adamczewski, Ignacy</subfield></datafield><datafield ind1="1" ind2="0" tag="245"><subfield code="a">Sur le mecanisme de lionisation et de la conductibilite electrique dans les liquides dielectriques</subfield><subfield code="c">Ignacy adamczewski</subfield></datafield><datafield ind1=" " ind2=" " tag="260"><subfield code="a">Warszawa</subfield><subfield code="b">Panstwowe Wydawnictwo Naukowe</subfield><subfield code="c">1964</subfield></datafield><datafield ind1=" " ind2=" " tag="300"><subfield code="a">56 P</subfield></datafield><datafield ind1=" " ind2=" " tag="490"><subfield code="a">Academie Polonaise Des Sciences Centre Scientifique A Paris, Conferences</subfield><subfield code="v">Fasc. 50</subfield></datafield><datafield ind1=" " ind2=" " tag="852"><subfield code="a">29990</subfield><subfield code="c">537:538</subfield></datafield><datafield ind1=" " ind2=" " tag="CAT"><subfield code="a">Sys</subfield><subfield code="c">20110615</subfield><subfield code="h">132331</subfield></datafield></record></collection>